@article{munoz2016ensenando,
  title={Ense{\~n}ando el funcionamiento de los inversores puente H: an{\'a}lisis del intercambio de potencia entre bobinas y condensadores},
  author={Mu{\~n}oz-Galeano, Nicol{\'a}s and Cano-Quintero, Juan B and L{\'o}pez-Lezama, Jes{\'u}s M},
  journal={Formaci{\'o}n universitaria},
  volume={9},
  number={1},
  pages={117--124},
  year={2016},
  publisher={Centro de Informaci{\'o}n Tecnol{\'o}gica}
}
